@book{sun2010functional,
  title={Functional Analysis},
  author={Tong, Sun and Wanyi, Wang and Jianwen He and},
  year={2010},
  publisher={Higher Education Press}
}
@book{huang2009functional,
  title={Functional Analysis: An Introduction},
  author={Huang, Yisheng},
  year={2009},
  publisher={Science Press Beijing}
}
@book{kreyszig1978introductory,
  title={Introductory functional analysis with applications},
  author={Kreyszig, Erwin},
  volume={1},
  year={1978},
  publisher={wiley New York}
}
@book{muscat2014functional,
  title={Functional analysis: an introduction to metric spaces, Hilbert spaces, and Banach algebras},
  author={Muscat, Joseph},
  year={2014},
  publisher={Springer}
}
@book{ciarlet2013linear,
  title={Linear and nonlinear functional analysis with applications},
  author={Ciarlet, Philippe G},
  volume={130},
  year={2013},
  publisher={Siam}
}
@book{tao2009analysis,
  title={Analysis},
  author={Tao, Terence},
  volume={185},
  year={2009},
  publisher={Springer}
}
@article{pons2014real,
  title={Real Analysis for the Undergraduate},
  author={Pons, Matthew A},
  journal={Springer-Verlag},
  volume={10},
  pages={978--1},
  year={2014},
  publisher={Springer}
}